@article{md,
    author = "Scheraga et. al",
    title = "Protein-Folding Dynamics: Overview of Molecular Simulation Techniques",
    journal = "Annual Review of Physical Chemistry",
    pages = "58:57-83",
    year = "2007",
    DOI = "10.1146/annurev.physchem.58.032806.104614",
    keywords = "molecular dynamics"
}
 
@article{Anton,
    title = {Anton Supercomputer Proves its Mettle},
    author = {Elizabeth K. Wilson},
    series = {Chemical and Engineering News},
    year = {2010},
    publisher = {American Chemical Society},
    keywords = {supercomputer, molecular dynamics, chemistry},
    url = {https://cen.acs.org/articles/88/i42/Anton-Supercomputer-Proves-Mettle.html}
}
 
@article{levinthal,
    author = "Cyrus Levinthal",
    title = "How to Fold Graciously",
    year={1969},
    url  = "https://web.archive.org/web/20110523080407/http://www-miller.ch.cam.ac.uk/levinthal/levinthal.html"
}

@article{anfinsen,
    author = "Christian Anfinsen",
    title = "Principles that Govern the Folding of Protein Chains",
    year={1973},
    DOI  = "doi:10.1126/science.181.4096.223"
}

@article{20proteins,
    author = "Alexandre Ambrogelly and Sotiria Palioura and Dieter SÃ¶ll",
    title = "Natural Expansion of the Genetic Code",
    year={2007},
    DOI  = "doi:10.1038/nchembio847"
}

@article{pande2010,
    author = "Vijay S. Pande and Kyle Beauchamp and Gregory R. Bowman",
    title = "Everything you wanted to know about Markov State Models but were afraid to ask",
    year={2010},
    DOI  = "doi:10.1016/j.ymeth.2010.06.002"
}

@book{genetic_analysis,
    author="Anthony JF Griffiths and Jeffrey H Miller and David T Suzuki and Richard C Lewontin and William M Gelbart",
    title="An Introduction to Genetic Analysis, 7th Edition"},
    year={2000},
    publisher="W.H. Freeman",
    url="https://www.ncbi.nlm.nih.gov/books/NBK21766/"
    }
    
@article{sequenceExploration,
    author = "David T.F Dryden and Andrew R Thomson and John H White",
    title = "How much of protein sequence space has been explored by life on Earth?",
    year={2008},
    DOI  = "doi:10.1098/rsif.2008.0085"
}
    
@misc{uniprot,
    ALTauthor = {The UniProt Consortium},
    title = {UniProt: a worldwide hub of protein knowledge},
    doi="https://doi.org/10.1093/nar/gky1049"
}