@article{md,
    author = "Scheraga et. al",
    title = "Protein-Folding Dynamics: Overview of Molecular Simulation Techniques",
    journal = "Annual Review of Physical Chemistry",
    pages = "58:57-83",
    year = "2007",
    DOI = "10.1146/annurev.physchem.58.032806.104614",
    keywords = "molecular dynamics"
}
 
@article{Anton,
    title = {Anton Supercomputer Proves its Mettle},
    author = {Elizabeth K. Wilson},
    series = {Chemical and Engineering News},
    year = {2010},
    publisher = {American Chemical Society},
    keywords = {supercomputer, molecular dynamics, chemistry},
    url = {https://cen.acs.org/articles/88/i42/Anton-Supercomputer-Proves-Mettle.html}
}
 
@article{levinthal,
    author = "Cyrus Levinthal",
    title = "How to Fold Graciously",
    year={1969},
    url  = "https://web.archive.org/web/20110523080407/http://www-miller.ch.cam.ac.uk/levinthal/levinthal.html"
}

@article{anfinsen,
    author = "Christian Anfinsen",
    title = "Principles that Govern the Folding of Protein Chains",
    year={1973},
    DOI  = "doi:10.1126/science.181.4096.223"
}

@article{20proteins,
    author = "Alexandre Ambrogelly and Sotiria Palioura and Dieter Söll",
    title = "Natural Expansion of the Genetic Code",
    year={2007},
    DOI  = "doi:10.1038/nchembio847"
}

@article{pande2010,
    author = "Vijay S. Pande and Kyle Beauchamp and Gregory R. Bowman",
    title = "Everything you wanted to know about Markov State Models but were afraid to ask",
    year={2010},
    DOI  = "doi:10.1016/j.ymeth.2010.06.002"
}

@article{pande2009,
    author = "Vijay S. Pande and Kyle Beauchamp and George Boxer and Gregory R. Bowman",
    title = "Progress and challenges in the automated construction of Markov state models for full protein systems",
    year={2009},
    DOI  = "doi:10.1063/1.3216567"
}

@article{adaptivesampling,
    author = "Nina Singhal and Vijay S. Pande",
    title = "Error analysis and efficient sampling in Markovian state models for molecular dynamics",
    year={2005},
    DOI  = "doi:10.1063/1.2116947"
}

@article{dssp,
    author = "Wolfgang Kabsch and Christian Sander",
    title = "Dictionary of protein secondary structure: Pattern recognition of hydrogen‐bonded and geometrical features",
    year={1983},
    DOI  = "doi:10.1002/bip.360221211"
}

@article{sst,
    author = "Arun S. Konagarthu and Arthur M. Lesk and Lloyd Allison",
    title = "Minimum message length inference of secondary structure from protein coordinate data",
    year={2012},
    DOI  = "doi:10.1002/bip.360221211"
}

@online{secondaryStructure,
    author = "organicvirtuale",
    title = "Peptides & Proteins",
    url="http://organicavirtuale.altervista.org/www2.chemistry.msu.edu/faculty/reusch/VirtTxtJml/protein2.htm",
    urldate="2019-12-02"
}

@article{msmbuilder,
    author = "Gregory R. Bowman and Xuhui Huang and Vijay S. Pande",
    title = "Using generalized ensemble simulations and Markov state models to identify conformational states",
    year={2009},
    DOI  = "doi:10.1016/j.ymeth.2009.04.013"
}

@article{numberOfFolds,
  title={Estimating the total number of protein folds.},
  author={Sridhar Govindarajan and R Recabarren and Richard A. Goldstein},
  journal={Proteins},
  year={1999},
  volume={35 4},
  pages={
          408-14
        }
}

@article{msmprior,
    author = "Sergio Bacallado and John D. Chodera and Vijay Pande",
    title = "Bayesian comparison of Markov models of molecular dynamics with detailed balance constraint",
    year={2009},
    DOI  = "doi:10.1063/1.3192309"
}

@article{fishbach,
    author = "Martin Fischbach",
    title = "Methods for Modeling Metastable Conformational Dynamics from Trajectory Data",
    year={2008},
    url = "http://publications.imp.fu-berlin.de/416/1/Fischbach_Diplom.pdf"
}

@article{diaconis,
    author = "Persi Diaconis and Silke W. W. Rolles",
    title = "Bayesian Analysis for Reversible Markov Chains",
    year={2004},
    DOI = "DOI: 10.1214/009053606000000290"
}

@article{swopepitera,
    author = "William C. Swope and Jed W. Pitera",
    title = "Describing Protein Folding Kinetics by Molecular Dynamics Simulations",
    year={2004},
    DOI = "https://doi.org/10.1021/jp037421y"
}

@book{genetic_analysis,
    author="Anthony JF Griffiths and Jeffrey H Miller and David T Suzuki and Richard C Lewontin and William M Gelbart",
    title="An Introduction to Genetic Analysis, 7th Edition"},
    year={2000},
    publisher="W.H. Freeman",
    url="https://www.ncbi.nlm.nih.gov/books/NBK21766/"
    }
    
@article{sequenceExploration,
    author = "David T.F Dryden and Andrew R Thomson and John H White",
    title = "How much of protein sequence space has been explored by life on Earth?",
    year={2008},
    DOI  = "doi:10.1098/rsif.2008.0085"
}
    
@misc{uniprot,
    ALTauthor = {The UniProt Consortium},
    title = {UniProt: a worldwide hub of protein knowledge},
    doi="https://doi.org/10.1093/nar/gky1049"
}